<record><leader>00000cas a2200000 a 4500</leader><controlfield tag="001">21516040</controlfield><controlfield tag="008">900511d194019uuiluwr ne      0   a0eng c</controlfield><datafield ind1=" " ind2=" " tag="010"><subfield code="a">sn 90054450 </subfield></datafield><datafield ind1=" " ind2=" " tag="040"><subfield code="a">NVF</subfield><subfield code="b">eng</subfield><subfield code="c">NVF</subfield><subfield code="d">CVF</subfield><subfield code="d">NVF</subfield><subfield code="d">OCLCF</subfield><subfield code="d">NVF</subfield><subfield code="d">OCLCO</subfield></datafield><datafield ind1="1" ind2=" " tag="029"><subfield code="a">AU@</subfield><subfield code="b">000020591344</subfield></datafield><datafield ind1=" " ind2=" " tag="042"><subfield code="a">pcc</subfield></datafield><datafield ind1=" " ind2=" " tag="043"><subfield code="a">n-us-il</subfield></datafield><datafield ind1="0" ind2="0" tag="245"><subfield code="a">DeWitt County observer.</subfield></datafield><datafield ind1="1" ind2=" " tag="246"><subfield code="i">Published as:</subfield><subfield code="a">DeWitt Co observer</subfield><subfield code="f">Oct. 3, 1940.</subfield></datafield><datafield ind1="3" ind2=" " tag="246"><subfield code="a">De Witt County observer</subfield></datafield><datafield ind1="3" ind2=" " tag="246"><subfield code="a">De Witt Co observer</subfield></datafield><datafield ind1=" " ind2=" " tag="260"><subfield code="a">Clinton, Ill. :</subfield><subfield code="b">D.W. Magill,</subfield><subfield code="c">1940-[19--?].</subfield></datafield><datafield ind1="2" ind2=" " tag="260"><subfield code="3">&lt;1961&gt;-&lt;&gt;</subfield><subfield code="a">Clinton, Ill. :</subfield><subfield code="b">Charles Russel</subfield></datafield><datafield ind1="2" ind2=" " tag="260"><subfield code="3">Jan. 20-Dec. 29, 1977</subfield><subfield code="a">Clinton, Ill. :</subfield><subfield code="b">Russel Publications Inc.</subfield></datafield><datafield ind1="3" ind2=" " tag="260"><subfield code="3">Jan. 5, 1978-&lt;Feb. 1, 1979&gt;</subfield><subfield code="a">Clinton, Ill. :</subfield><subfield code="b">Westside Syndicate Inc.</subfield></datafield><datafield ind1=" " ind2=" " tag="300"><subfield code="a">v.</subfield></datafield><datafield ind1=" " ind2=" " tag="310"><subfield code="a">Weekly</subfield></datafield><datafield ind1="0" ind2=" " tag="362"><subfield code="a">Vol. 1, no. 1 (Oct. 3, 1940)-</subfield></datafield><datafield ind1=" " ind2=" " tag="515"><subfield code="a">Issue for Jan. 4, 1979 mis-dated as Jan. 4, 1978 on masthead.</subfield></datafield><datafield ind1=" " ind2=" " tag="515"><subfield code="a">Issue for Jan. 11, 1979 mis-dated as Jan. 11, 1978 on masthead.</subfield></datafield><datafield ind1=" " ind2=" " tag="588"><subfield code="a">Latest issue consulted: Vol. 43, no. 22 (Feb. 1, 1979).</subfield></datafield><datafield ind1=" " ind2="0" tag="651"><subfield code="a">Clinton (Ill.)</subfield><subfield code="v">Newspapers.</subfield></datafield><datafield ind1=" " ind2="0" tag="651"><subfield code="a">De Witt County (Ill.)</subfield><subfield code="v">Newspapers.</subfield></datafield><datafield ind1=" " ind2="7" tag="651"><subfield code="a">Illinois</subfield><subfield code="z">Clinton.</subfield><subfield code="2">fast</subfield><subfield code="0">(OCoLC)fst01217731</subfield></datafield><datafield ind1=" " ind2="7" tag="651"><subfield code="a">Illinois</subfield><subfield code="z">De Witt County.</subfield><subfield code="2">fast</subfield><subfield code="0">(OCoLC)fst01213227</subfield></datafield><datafield ind1=" " ind2="7" tag="655"><subfield code="a">Newspapers.</subfield><subfield code="2">fast</subfield><subfield code="0">(OCoLC)fst01423814</subfield></datafield><datafield ind1=" " ind2=" " tag="752"><subfield code="a">United States</subfield><subfield code="b">Illinois</subfield><subfield code="c">De Witt</subfield><subfield code="d">Clinton.</subfield></datafield></record>